<record><leader>00000cas a22000007a 4500</leader><controlfield tag="001">41365351</controlfield><controlfield tag="008">990514d19811981tnuir ne      0    0eng d</controlfield><datafield ind1=" " ind2=" " tag="010"><subfield code="a">sn 99065819 </subfield></datafield><datafield ind1=" " ind2=" " tag="040"><subfield code="a">TGN</subfield><subfield code="b">eng</subfield><subfield code="c">TGN</subfield><subfield code="d">OCLCF</subfield><subfield code="d">OCLCO</subfield></datafield><datafield ind1="1" ind2=" " tag="029"><subfield code="a">AU@</subfield><subfield code="b">000020123818</subfield></datafield><datafield ind1=" " ind2=" " tag="042"><subfield code="a">msc</subfield></datafield><datafield ind1="0" ind2="0" tag="245"><subfield code="a">Sevierville, Sevier County news-record and Gatlinburg press.</subfield></datafield><datafield ind1="1" ind2=" " tag="246"><subfield code="i">Issues for Feb. 11-25, 1981 have title:</subfield><subfield code="a">Sevier County news-record &amp; Gatlinburg press</subfield></datafield><datafield ind1="1" ind2=" " tag="246"><subfield code="i">Issues for Feb. 27-Sept. 25, 1981 have title:</subfield><subfield code="a">Sevier County news-record, Gatlinburg press</subfield></datafield><datafield ind1="3" ind2="0" tag="246"><subfield code="a">Sevier County news-record</subfield></datafield><datafield ind1="3" ind2="0" tag="246"><subfield code="a">Gatlinburg press</subfield></datafield><datafield ind1=" " ind2=" " tag="260"><subfield code="a">Sevierville, Tenn. :</subfield><subfield code="b">Mountain Press,</subfield><subfield code="c">1981.</subfield></datafield><datafield ind1=" " ind2=" " tag="300"><subfield code="a">v.</subfield></datafield><datafield ind1=" " ind2=" " tag="310"><subfield code="a">Three times a week</subfield></datafield><datafield ind1="0" ind2=" " tag="362"><subfield code="a">No. 24 (Jan. 2, 1981)-no. 146 (Sept. 25, 1981).</subfield></datafield><datafield ind1=" " ind2=" " tag="515"><subfield code="a">Issued without volume numbering.</subfield></datafield><datafield ind1=" " ind2=" " tag="580"><subfield code="a">Formed by the union of: Sevierville, Sevier County news-record, and: Gatlinburg press (Gatlinburg, Tenn. : 1953).</subfield></datafield><datafield ind1=" " ind2=" " tag="580"><subfield code="a">Split into: Sevier County news-record (Pigeon Forge, Tenn. : 1981), and: Gatlinburg press (Pigeon Forge, Tenn. : 1981).</subfield></datafield><datafield ind1=" " ind2="0" tag="651"><subfield code="a">Sevierville (Tenn.)</subfield><subfield code="v">Newspapers.</subfield></datafield><datafield ind1=" " ind2="0" tag="651"><subfield code="a">Sevier County (Tenn.)</subfield><subfield code="v">Newspapers.</subfield></datafield><datafield ind1=" " ind2="7" tag="655"><subfield code="a">Newspapers.</subfield><subfield code="2">fast</subfield><subfield code="0">(OCoLC)fst01423814</subfield></datafield><datafield ind1=" " ind2="7" tag="651"><subfield code="a">Tennessee</subfield><subfield code="z">Sevier County.</subfield><subfield code="2">fast</subfield><subfield code="0">(OCoLC)fst01223224</subfield></datafield><datafield ind1=" " ind2="7" tag="651"><subfield code="a">Tennessee</subfield><subfield code="z">Sevierville.</subfield><subfield code="2">fast</subfield><subfield code="0">(OCoLC)fst01227763</subfield></datafield><datafield ind1=" " ind2=" " tag="752"><subfield code="a">United States</subfield><subfield code="b">Tennessee</subfield><subfield code="c">Sevier</subfield><subfield code="d">Sevierville.</subfield></datafield><datafield ind1="1" ind2="4" tag="780"><subfield code="t">Sevierville, Sevier County news-record</subfield><subfield code="w">(DLC)sn 99065818</subfield></datafield><datafield ind1="1" ind2="4" tag="780"><subfield code="t">Gatlinburg press (Gatlinburg, Tenn. : 1953)</subfield><subfield code="w">(DLC)sn 99065829</subfield></datafield><datafield ind1="1" ind2="6" tag="785"><subfield code="t">Sevier County news-record (Pigeon Forge, Tenn. : 1981)</subfield><subfield code="w">(DLC)99065820</subfield></datafield><datafield ind1="1" ind2="6" tag="785"><subfield code="t">Gatlinburg press (Pigeon Forge, Tenn. : 1981)</subfield><subfield code="w">(DLC)sn 99065831</subfield></datafield></record>